% Comprehensive Bibliography Example
% Copyright (c) 2025 Dr. Segal Yoram. All rights reserved.
% This file demonstrates proper bibliography formatting for both Hebrew and English sources

%% ==================== ENGLISH REFERENCES ====================
% IMPORTANT: All English references MUST include keywords={english}

@article{vaswani2017attention,
  title={Attention is All You Need},
  author={Vaswani, Ashish and Shazeer, Noam and Parmar, Niki and Uszkoreit, Jakob and Jones, Llion and Gomez, Aidan N and Kaiser, {\L}ukasz and Polosukhin, Illia},
  journal={Advances in Neural Information Processing Systems},
  volume={30},
  pages={5998--6008},
  year={2017},
  publisher={Curran Associates Inc.},
  keywords={english}
}

@article{devlin2018bert,
  title={BERT: Pre-training of Deep Bidirectional Transformers for Language Understanding},
  author={Devlin, Jacob and Chang, Ming-Wei and Lee, Kenton and Toutanova, Kristina},
  journal={arXiv preprint arXiv:1810.04805},
  year={2018},
  keywords={english}
}

@article{brown2020language,
  title={Language Models are Few-Shot Learners},
  author={Brown, Tom and Mann, Benjamin and Ryder, Nick and Subbiah, Melanie and Kaplan, Jared D and Dhariwal, Prafulla and Neelakantan, Arvind and Shyam, Pranav and Sastry, Girish and Askell, Amanda and others},
  journal={Advances in Neural Information Processing Systems},
  volume={33},
  pages={1877--1901},
  year={2020},
  keywords={english}
}

@inproceedings{mikolov2013efficient,
  title={Efficient Estimation of Word Representations in Vector Space},
  author={Mikolov, Tomas and Chen, Kai and Corrado, Greg and Dean, Jeffrey},
  booktitle={Proceedings of Workshop at ICLR},
  year={2013},
  keywords={english}
}

@article{radford2019language,
  title={Language Models are Unsupervised Multitask Learners},
  author={Radford, Alec and Wu, Jeffrey and Child, Rewon and Luan, David and Amodei, Dario and Sutskever, Ilya},
  journal={OpenAI blog},
  volume={1},
  number={8},
  pages={9},
  year={2019},
  keywords={english}
}

@article{rogers2020primer,
  title={A Primer on Neural Network Models for Natural Language Processing},
  author={Rogers, Anna and Kovaleva, Olga and Rumshisky, Anna},
  journal={Journal of Artificial Intelligence Research},
  volume={61},
  pages={65--95},
  year={2020},
  keywords={english}
}

@book{jurafsky2019speech,
  title={Speech and Language Processing: An Introduction to Natural Language Processing, Computational Linguistics, and Speech Recognition},
  author={Jurafsky, Dan and Martin, James H},
  year={2019},
  publisher={Pearson},
  edition={3rd},
  keywords={english}
}

@article{kenton2019bert,
  title={BERT: Pre-training of Deep Bidirectional Transformers for Language Understanding},
  author={Kenton, Jacob Devlin Ming-Wei Chang and Toutanova, Lee Kristina},
  journal={Proceedings of NAACL-HLT},
  pages={4171--4186},
  year={2019},
  keywords={english}
}

%% ==================== HEBREW REFERENCES ====================
% IMPORTANT: All Hebrew references MUST include keywords={hebrew}

@article{hebrew_nlp_2023,
  title={עיבוד שפה טבעית בעברית: אתגרים ופתרונות},
  author={כהן, דוד and לוי, רחל and שמעון, יוסף},
  journal={כתב העת הישראלי למדעי המחשב},
  volume={15},
  number={3},
  pages={45--67},
  year={2023},
  publisher={האוניברסיטה העברית},
  keywords={hebrew}
}

@book{hebrew_linguistics_2022,
  title={בלשנות חישובית עברית: יסודות ויישומים},
  author={רוזן, מיכל ואברהם, שרה},
  year={2022},
  publisher={הוצאת האוניברסיטה הפתוחה},
  address={רעננה},
  keywords={hebrew}
}

@inproceedings{hebrew_morphology_2021,
  title={ניתוח מורפולוגי אוטומטי של עברית מודרנית},
  author={גולדברג, יואב ובן-דוד, עמית},
  booktitle={כנס המחשוב הישראלי},
  pages={123--135},
  year={2021},
  organization={האגודה הישראלית למדעי המחשב},
  address={תל אביב},
  keywords={hebrew}
}

@article{hebrew_sentiment_2020,
  title={ניתוח רגשות בטקסטים עבריים באמצעות למידה עמוקה},
  author={פרידמן, אלי וכץ, דנה},
  journal={מחקרי מידע},
  volume={8},
  number={2},
  pages={78--92},
  year={2020},
  keywords={hebrew}
}

@mastersthesis{hebrew_parsing_2019,
  title={פיתוח מנתח תחבירי לעברית מודרנית},
  author={שפירא, תמר},
  year={2019},
  school={הטכניון - מכון טכנולוגי לישראל},
  address={חיפה},
  keywords={hebrew}
}

@article{hebrew_corpus_2018,
  title={בניית קורפוס עברי גדול לצורכי מחקר בלשני},
  author={ברק, נועם ושטרן, אורי},
  journal={עברית חישובית},
  volume={12},
  pages={15--28},
  year={2018},
  keywords={hebrew}
}
